@article{alonso2009evolucion,
  title={Evoluci{\'o}n hist{\'o}rica de la l{\'\i}nea de costa en el sector meridional de la Bah{\'\i}a de C{\'a}diz},
  author={Alonso Villalobos, Carlos and Garc{\'\i}a Prieto, F Javier and Benavente, Javier and others},
  year={2009},
  publisher={C{\'a}diz: Universidad de C{\'a}diz, Servicio de Publicaciones}
}



@techreport{mapageologico2007,
  title={{Mapa Geológico de la República Dominicana a escala 1:50.000 de la hoja n{\textordmasculine} 6170-I (Nizao) y Memoria correspondiente}},
  author={Abad de los Santos},
  institution={Proyecto 1B de Cartografía Geomática de la República Dominicana. Programa SYSMIN. Servicio Geológico Nacional},
  address={Santo Domingo},
  year={2007-2011}
}


@article{codignotto1997geomorfologia,
  title={Geomorfolog{\'\i}a y din{\'a}mica costera},
  author={Codignotto, J},
  year={1997},
  publisher={Instituto Nacional de Investigaci{\'o}n y Desarrollo Pesquero (INIDEP): Mar del~…}
}


@book{pedraza1996geomorfologia,
  title={Geomorfolog{\'\i}a: principios, m{\'e}todos y aplicaciones},
  author={Pedraza Gilsanz, Javier de},
  number={551.4 PED},
  year={1996}
}

@article{jackson2005glossary,
  title={Glossary of geology},
  author={Jackson, Julia A},
  journal={Glossary of Geology, by JA Jackson. 2005 Approx. 900 p. 5th revised and enlarged ed. ISBN 3-540-27951-2. Berlin: Springer, 2005.},
  pages={5th},
  year={2005}
}

@article{ortiz1992retroceso,
  title={Retroceso reciente de la l{\'\i}nea de costa del frente deltaico del r{\'\i}o San Pedro, Campeche-Tabasco},
  author={Ortiz P{\'e}rez, Mario A},
  journal={Investigaciones geogr{\'a}ficas},
  number={25},
  pages={7--23},
  year={1992},
  publisher={Instituto de Geograf{\'\i}a, UNAM}
}

@Manual{r2020r,
    title = {R: A Language and Environment for Statistical Computing},
    author = {{R Core Team}},
    organization = {R Foundation for Statistical Computing},
    address = {Vienna, Austria},
    year = {2020},
    url = {
https://www.R-project.org/
},
}

@misc{qgis,
  author={{QGIS Development Team}},
  title={{QGIS Geographic Information System. Open Source Geospatial Foundation Project}},
  howpublished={\url{
http://qgis.osgeo.org/
}},
  year={2019}
}

@misc{rcoastsat,
  title = {{RCoastSat}},
  author = {Jos{\'e} Ram{\'o}n Mart{\'i}nez Batlle},
  howpublished = {\url{
https://github.com/geofis/RCoastSat
}},
  year = {2020},
  note = {Accessed: 2020-05-19}
}


@software{kilian_vos_2019_3560436,
author = {Kilian Vos and
Kristen Splinter and
Chris Leaman and
ianlturner},
title = {kvos/CoastSat: CoastSat v1.0.1},
month = dec,
year = 2019,
publisher = {Zenodo},
version = {v1.0.1},
doi = {10.5281/zenodo.3560436},
url = {https://doi.org/10.5281/zenodo.3560436}
}

@software{jose_ramon_martinez_batlle_2020_3937481,
author = {José Ramón Martínez Batlle},
title = {geofis/RCoastSat: RCoastSat},
month = jul,
year = 2020,
publisher = {Zenodo},
version = {v0.0.0.9000},
doi = {10.5281/zenodo.3937481},
url = {https://doi.org/10.5281/zenodo.3937481}
}

@software{jose_ramon_martinez_batlle_2020_3938999,
author = {José Ramón Martínez Batlle},
title = {geofis/BeachProfile: BeachProfile},
month = jul,
year = 2020,
publisher = {Zenodo},
version = {v0.0.0.9000},
doi = {10.5281/zenodo.3938999},
url = {https://doi.org/10.5281/zenodo.3938999}
}

@article{carranza2010causas,
  title={Causas y consecuencias de la erosi{\'o}n de playas},
  author={Carranza-Edwards, Arturo},
  journal={Impacto del cambio clim{\'a}tico sobre la zona costera: M{\'e}xico, Instituto de Ecolog{\'\i}a, AC (INECOL), Texas Sea Grant Program, Instituto Nacional de Ecolog{\'\i}a (INE-SEMARNAT)},
  pages={36--50},
  year={2010}
}

@book{mollat2004mapa,
  title={{Mapa Geol{\'o}gico de la Rep{\'u}blica Dominicana 1:250.000. Texto Explicativo}},
  author={Mollat, Hartmut and Wagner, Bernhard M and Cepek, Pavel and Weiss, Wolfgang},
  year={2004},
  address={Stuttgart},
  publisher={E. Schweizerbart'sche Verlagsbuchhandiung}
}